@book{Martin_1983,
  title     = {Human Brain Evolution in an Ecological Context},
  publisher = {American Museum of Natural History},
  author    = {Martin, Robert D.},
  year      = {1983}
},

@article{Rilling_Insel_1999,
  title   = {The primate neocortex in comparative perspective using magnetic resonance imaging},
  volume  = {37},
  issn    = {0047-2484},
  number  = {2},
  journal = {Journal of Human Evolution},
  author  = {Rilling, James K. and Insel, Thomas R.},
  year    = {1999},
  pages   = {191--223}
}

@article{10.1093/mind/LIX.236.433,
  author  = {TURING, A. M.},
  title   = {{I.â€”COMPUTING MACHINERY AND INTELLIGENCE}},
  journal = {Mind},
  volume  = {LIX},
  number  = {236},
  pages   = {433-460},
  year    = {1950},
  month   = {10},
  issn    = {0026-4423},
  doi     = {10.1093/mind/LIX.236.433},
  url     = {https://doi.org/10.1093/mind/LIX.236.433},
  eprint  = {https://academic.oup.com/mind/article-pdf/LIX/236/433/30123314/lix-236-433.pdf}
}



